<?xml version="1.0" encoding="UTF-8"?><record xmlns="http://www.loc.gov/MARC21/slim" xmlns:cinclude="http://apache.org/cocoon/include/1.0" xmlns:zs="http://www.loc.gov/zing/srw/">
  <leader>00437nz  a2200121n  4500</leader>
  <controlfield tag="001">n 2006161688</controlfield>
  <controlfield tag="003">DLC</controlfield>
  <controlfield tag="005">20060313122541.0</controlfield>
  <controlfield tag="008">060313n| acannaabn          |n aaa      </controlfield>
  <datafield tag="010" ind1=" " ind2=" ">
    <subfield code="a">n 2006161688</subfield>
  </datafield>
  <datafield tag="040" ind1=" " ind2=" ">
    <subfield code="a">DLC</subfield>
    <subfield code="b">eng</subfield>
    <subfield code="c">DLC</subfield>
  </datafield>
  <datafield tag="100" ind1="1" ind2=" ">
    <subfield code="a">Hall, Eula Mae</subfield>
  </datafield>
  <datafield tag="670" ind1=" " ind2=" ">
    <subfield code="a">NUCMC data from Montana Historical Society for Her Interview, 1994</subfield>
    <subfield code="b">(Eula Mae Hall; recalling early life on family ranch near White Sulphur Springs, Mont., and later life in Helena)</subfield>
  </datafield>
</record>